@inproceedings{abdel1991xtv,
    title={XTV: A framework for sharing X window clients in remote synchronous collaboration},
    author={Abdel-Wahab, Hussein M and Feit, Mark and others},
    booktitle={Communications Software, 1991,'Communications for Distributed Applications and Systems', Proceedings of TRICOMM'91., IEEE Conference on},
    pages={159--167},
    year={1991},
    organization={IEEE}
}

@inproceedings{hemminger2005network,
    title="{Network emulation with NetEm}",
    author={Hemminger, Stephen},
    year={2005},
    organization={Open Source Development Labs}
}

@misc{appveyor,
    title={AppVeyor},
    howpublished={\url{https://ci.appveyor.com/project/pks-t/sd}}
}

@article{baratto2005thinc,
    title={THINC: a virtual display architecture for thin-client computing},
    author={Baratto, Ricardo A and Kim, Leonard N and Nieh, Jason},
    journal={ACM SIGOPS Operating Systems Review},
    volume={39},
    number={5},
    pages={277--290},
    year={2005},
    publisher={ACM}
}

@inproceedings{bernstein2005poly1305,
  title={The Poly1305-AES message-authentication code},
  author={Bernstein, Daniel J},
  booktitle={Fast Software Encryption},
  pages={32--49},
  year={2005},
  organization={Springer}
}

@incollection{bernstein2008salsa,
  title={The Salsa20 family of stream ciphers},
  author={Bernstein, Daniel J},
  booktitle={New stream cipher designs},
  pages={84--97},
  year={2008},
  publisher={Springer}
}

@book{bershad1995extensibility,
    title={Extensibility safety and performance in the SPIN operating system},
    author={Bershad, Brian N and Savage, Stefan and Pardyak, Przemyslaw and Sirer, Emin G{\"u}n and Fiuczynski, Marc E and Becker, David and Chambers, Craig and Eggers, Susan},
    volume={29},
    number={5},
    year={1995},
    publisher={ACM}
}

@article{birrell1984implementing,
    title={Implementing remote procedure calls},
    author={Birrell, Andrew D and Nelson, Bruce Jay},
    journal={ACM Transactions on Computer Systems (TOCS)},
    volume={2},
    number={1},
    pages={39--59},
    year={1984},
    publisher={ACM}
}

@misc{coverity,
    title="{Coverity Scan}",
    howpublished={\url{https://scan.coverity.com/projects/pks-t-sd}}
}

@inproceedings{czerwinski1999architecture,
    title={An architecture for a secure service discovery service},
    author={Czerwinski, Steven E and Zhao, Ben Y and Hodes, Todd D and Joseph, Anthony D and Katz, Randy H},
    booktitle={Proceedings of the 5th annual ACM/IEEE international conference on Mobile computing and networking},
    pages={24--35},
    year={1999},
    organization={ACM}
}

@article{dennis1966programming,
    title={Programming semantics for multiprogrammed computations},
    author={Dennis, Jack B and Van Horn, Earl C},
    journal={Communications of the ACM},
    volume={9},
    number={3},
    pages={143--155},
    year={1966},
    publisher={ACM}
}

@inproceedings{donnelley1981managing,
    title={Managing Domains in a Network Operating System},
    author={James E. Donnelley},
    booktitle={Local Network and Distributed Office Systems Conference},
    pages={345-361},
    year={1981}
}

@inproceedings{foner1996multi,
    title={A multi-agent referral system for matchmaking},
    author={Foner, Leonard},
    booktitle={Proceedings the First International Conference on the Practical Application of Intelligent Agents and Multi-Agent Technology (PAAM ‘96)},
    pages={245--262},
    year={1996}
}

@inproceedings{foner1996security,
    title={A security architecture for multi-agent matchmaking},
    author={Foner, Leonard N},
    booktitle={Proceeding of Second International Conference on Multi-Agent System, Mario Tokoro},
    pages={80--86},
    year={1996}
}

@misc{gcc,
    title={GNU Compiler Collection},
    howpublished={\url{https://gcc.gnu.org/}}
}

@inproceedings{gettys2005snap,
    title={Snap computing and the X window system},
    author={Gettys, James},
    booktitle={Linux Symposium},
    volume={113},
    year={2005}
}

@misc{git,
    title={Git SCM},
    howpublished={\url{https://git-scm.org}}
}

@misc{github,
    title={GitHub},
    howpublished={\url{https://github.com/pks-t/sd}}
}

@inproceedings{humphreys1999distributed,
    title={A distributed graphics system for large tiled displays},
    author={Humphreys, Greg and Hanrahan, Pat},
    booktitle={Proceedings of the conference on Visualization'99: celebrating ten years},
    pages={215--223},
    year={1999},
    organization={IEEE Computer Society Press}
}

@inproceedings{hutterer2007groupware,
  title={Groupware support in the windowing system},
  author={Hutterer, Peter and Thomas, Bruce H},
  booktitle={Proceedings of the eight Australasian conference on User interface-Volume 64},
  pages={39--46},
  year={2007},
  organization={Australian Computer Society, Inc.}
}

@inproceedings{ingemarsson1991protocol,
    title={A protocol to set up shared secret schemes without the assistance of a mutually trusted party},
    author={Ingemarsson, Ingemar and Simmons, Gustavus J},
    booktitle={Advances in Cryptology—EUROCRYPT’90},
    pages={266--282},
    year={1991},
    organization={Springer}
}

@techreport{iso-c90,
    organization = {ISO-IEC},
    title = "{Programming Languages --- {C}, {ISO/IEC} 9899:1990 International Standard}",
    year = {1990}
}

@phdthesis{karger1988improving,
    title={Improving security and performance for capability systems},
    author={Karger, Paul Ashley},
    year={1988},
    school={Wolfson College}
}

@inproceedings{lampson1974protection,
    title={Protection},
    author={Lampson, Butler W},
    booktitle={Proc. Fifth Princeton Symposium on Information Sciences and Systems},
    pages={437--443},
    year={1974},
    organization={Princeton University}
}

@inproceedings{malchow2015cryptid,
    title={CryptID-distributed identity management infrastructure},
    author={Malchow, Jan-Ole and Roth, Volker},
    booktitle={Communications and Network Security (CNS), 2015 IEEE Conference on},
    pages={735--736},
    year={2015},
    organization={IEEE}
}

@inproceedings{mccune2005seeing,
    title={Seeing-is-believing: Using camera phones for human-verifiable authentication},
    author={McCune, Jonathan M and Perrig, Adrian and Reiter, Michael K},
    booktitle={Security and privacy, 2005 IEEE symposium on},
    pages={110--124},
    year={2005},
    organization={IEEE}
}

@inproceedings{menges1994inverting,
  title={Inverting X: an architecture for a shared distributed window system},
  author={Menges, John and Jeffay, Kevin},
  booktitle={Enabling Technologies: Infrastructure for Collaborative Enterprises, 1994. Proceedings., Third Workshop on},
  pages={53--64},
  year={1994},
  organization={IEEE}
}

@article{mullender1990amoeba,
    title={Amoeba: A distributed operating system for the 1990s},
    author={Mullender, Sape J and Van Rossum, Guido and Tanenbaum, Andrew S and Van Renesse, Robbert and Van Staveren, Hans},
    journal={Computer},
    volume={23},
    number={5},
    pages={44--53},
    year={1990},
    publisher={IEEE}
}

@article{myers1999implementation,
  title={An implementation architecture to support single-display groupware},
  author={Myers, Brad},
  year={1999}
}

@article{needham1978using,
    title={Using encryption for authentication in large networks of computers},
    author={Needham, Roger M and Schroeder, Michael D},
    journal={Communications of the ACM},
    volume={21},
    number={12},
    pages={993--999},
    year={1978},
    publisher={ACM}
}

@article{neuman1994kerberos,
    title={Kerberos: An authentication service for computer networks},
    author={Neuman, B Clifford and Ts'o, Theodore},
    journal={IEEE Communications magazine},
    volume={32},
    number={9},
    pages={33--38},
    year={1994},
    publisher={IEEE}
}

@article{neuman2005kerberos,
    title={The Kerberos network authentication service (V5)},
    author={Neuman, Clifford and Hartman, Sam and Yu, Tom and Raeburn, Kenneth},
    year={2005}
}

@article{neuman2005rfc,
    title={RFC 4120: The Kerberos network authentication service (V5)},
    author={Neuman, Clifford and Yu, Tom and Hartman, Sam and Raeburn, Ken},
    journal={Request for Comments},
    year={2005}
}

@inproceedings{paek2004toward,
    title={Toward universal mobile interaction for shared displays},
    author={Paek, Tim and Agrawala, Maneesh and Basu, Sumit and Drucker, Steve and Kristjansson, Trausti and Logan, Ron and Toyama, Kentaro and Wilson, Andy},
    booktitle={Proceedings of the 2004 ACM conference on Computer supported cooperative work},
    pages={266--269},
    year={2004},
    organization={ACM}
}

@inproceedings{pike1990plan,
    title={Plan 9 from bell labs},
    author={Pike, Rob and Presotto, Dave and Thompson, Ken and Trickey, Howard and others},
    booktitle={Proceedings of the summer 1990 UKUUG Conference},
    pages={1--9},
    year={1990},
    organization={London, UK}
}

@article{pike1991minimalist,
    title={A Minimalist Global User Interface},
    author={Pike, Rob},
    year={1991}
}

@article{pike1997inferno,
    title={The Inferno™ operating system},
    author={Dorward, Sean M and Pike, Rob and Presotto, David Leo and Ritchie, Dennis M and Trickey, Howard W and Winterbottom, Philip},
    journal={Bell Labs Technical Journal},
    volume={2},
    number={1},
    pages={5--18},
    year={1997},
    publisher={Alcatel-Lucent}
}

@inproceedings{pike2002security,
    title={Security in Plan 9},
    author={Cox, Russ and Grosse, Eric and Pike, Rob and Presotto, David L and Quinlan, Sean},
    booktitle={USENIX Security Symposium},
    volume={2},
    year={2002}
}

@inproceedings{presotto1993networks,
    title={The Organization of Networks in Plan 9.},
    author={Presotto, David L and Winterbottom, Phil},
    booktitle={USENIX Winter},
    pages={271--280},
    year={1993}
}

@inproceedings{raman1998matchmaking,
    title={Matchmaking: Distributed resource management for high throughput computing},
    author={Raman, Rajesh and Livny, Miron and Solomon, Marvin},
    booktitle={High Performance Distributed Computing, 1998. Proceedings. The Seventh International Symposium on},
    pages={140--146},
    year={1998},
    organization={IEEE}
}

@inproceedings{saxena2006secure,
    title={Secure device pairing based on a visual channel},
    author={Saxena, Nitesh and Ekberg, Jan-Erik and Kostiainen, Kari and Asokan, N},
    booktitle={Security and Privacy, 2006 IEEE Symposium on},
    pages={6--pp},
    year={2006},
    organization={IEEE}
}

@book{shapiro1999eros,
    title={EROS: a fast capability system},
    author={Shapiro, Jonathan S and Smith, Jonathan M and Farber, David J},
    volume={33},
    number={5},
    year={1999},
    publisher={ACM}
}

@inproceedings{sharmin2006adaptive,
    title={An adaptive lightweight trust reliant secure resource discovery for pervasive computing environments},
    author={Sharmin, Moushumi and Ahmed, Shameem and Ahamed, Sheikh and others},
    booktitle={Pervasive Computing and Communications, 2006. PerCom 2006. Fourth Annual IEEE International Conference on},
    pages={6--pp},
    year={2006},
    organization={IEEE}
}

@article{solomita1994xmove,
    author = {Solomita, Ethan and Kempf, James and Duchamp, Dan},
    title = {XMOVE - A Pseudoserver For X Window Movement},
    journal = {The X Resource},
    year = {1994},
    volume = {11},
    pages = {143--170}
}

@inproceedings{stewart1999single,
  title={Single display groupware: a model for co-present collaboration},
  author={Stewart, Jason and Bederson, Benjamin B and Druin, Allison},
  booktitle={Proceedings of the SIGCHI conference on Human Factors in Computing Systems},
  pages={286--293},
  year={1999},
  organization={ACM}
}

@inproceedings{tanenbaum1986using,
    title={Using sparse capabilities in a distributed operating system},
    author={Tanenbaum, Andrew S and Mullender, Sape J and Van Renesse, Robbert},
    booktitle={ICDCS},
    pages={558--563},
    year={1986}
}

@book{tanenbaum2014modern,
    title={Modern operating systems},
    author={Tanenbaum, Andrew S and Bos, Herbert},
    year={2014},
    publisher={Prentice Hall Press}
}

@inproceedings{thirunavukkarasu1995secret,
    title={Secret agents-a security architecture for the KQML agent communication language},
    author={Thirunavukkarasu, Chelliah and Finin, Tim and Mayfield, James},
    booktitle={Proc. Intelligent Information Agents Workshop},
    year={1995}
}

@misc{travis,
  title = "{Travis CI}",
  howpublished = {\url{https://travis-ci.org/pks-t/sd}}
}

@article{varda2008protocol,
    title={Protocol buffers: Google’s data interchange format},
    author={Varda, Kenton},
    journal={Google Open Source Blog},
    year={2008}
}

@article{wallace2004multi,
  title={A multi-cursor x window manager supporting control room collaboration},
  author={Wallace, Grant and Bi, Peng and Li, Kai and Anshus, Otto},
  journal={Computer Science Report No. TR-0707-04, Princeton University},
  pages={53},
  year={2004}
}

@inproceedings{wallace2007virtually,
    title={Virtually Shared Displays and User Input Devices.},
    author={Wallace, Grant and Li, Kai},
    booktitle={USENIX Annual Technical Conference},
    pages={375--380},
    year={2007}
}

@article{weiser1991computer,
    title={The computer for the 21st century},
    author={Weiser, Mark},
    journal={Scientific american},
    volume={265},
    number={3},
    pages={94--104},
    year={1991},
    publisher={Nature Publishing Group}
}

@book{wilkes1979cambridge,
    title={The Cambridge CAP computer and its operating system (Operating and programming systems series)},
    author={Wilkes, Maurice Vincent},
    year={1979},
    publisher={North-Holland Publishing Co.}
}

@book{yee2002user,
    title={User interaction design for secure systems},
    author={Yee, Ka-Ping},
    year={2002},
    publisher={Springer}
}

@inproceedings{ylonen1996ssh,
    title={SSH -- Secure Login Connections over the Internet},
    author={Ylonen, Tatu},
    booktitle={Proceedings of the 6th USENIX Security Symposium},
    volume={37},
    year={1996}
}

% vim: tw=0
